<record><leader>00000cas a2200000 a 4500</leader><controlfield tag="001">11898066</controlfield><controlfield tag="008">850409d18811887ksuwr ne      0   a0eng d</controlfield><datafield ind1=" " ind2=" " tag="010"><subfield code="a">sn 85031082 </subfield></datafield><datafield ind1=" " ind2=" " tag="040"><subfield code="a">KSH</subfield><subfield code="b">eng</subfield><subfield code="c">KSH</subfield><subfield code="d">NPT</subfield><subfield code="d">OCL</subfield><subfield code="d">OCLCQ</subfield></datafield><datafield ind1=" " ind2=" " tag="042"><subfield code="a">msc</subfield></datafield><datafield ind1="0" ind2="0" tag="245"><subfield code="a">Smoky Valley news.</subfield></datafield><datafield ind1=" " ind2=" " tag="260"><subfield code="a">Lindsburg [i.e. Lindsborg], Kan. :</subfield><subfield code="b">Aug. Ringwald,</subfield><subfield code="c">1881-1887.</subfield></datafield><datafield ind1=" " ind2=" " tag="300"><subfield code="a">6 v. :</subfield><subfield code="b">ill. ;</subfield><subfield code="c">61 cm.</subfield></datafield><datafield ind1=" " ind2=" " tag="310"><subfield code="a">Weekly</subfield></datafield><datafield ind1="0" ind2=" " tag="362"><subfield code="a">Vol. 1, no. 1 (Sept. 21, 1881)-v. 6, no. 44 (July 29, 1887).</subfield></datafield><datafield ind1=" " ind2=" " tag="500"><subfield code="a">Published by: S.W. Hill, Jan. 7-July 8, 1887; Bethany Pub. Co., July 15-29, 1887.</subfield></datafield><datafield ind1=" " ind2=" " tag="525"><subfield code="a">Supplements included.</subfield></datafield><datafield ind1=" " ind2=" " tag="752"><subfield code="a">United States</subfield><subfield code="b">Kansas</subfield><subfield code="c">McPherson</subfield><subfield code="d">Lindsborg.</subfield></datafield><datafield ind1="0" ind2="0" tag="785"><subfield code="t">Lindsborg news</subfield><subfield code="w">(DLC)sn 85031083</subfield></datafield></record>